<record xmlns:xsi="http://www.w3.org/2001/XMLSchema-instance" xmlns="http://www.loc.gov/MARC21/slim" xsi:schemaLocation="http://www.loc.gov/MARC21/slim http://www.loc.gov/standards/marcxml/schema/MARC21slim.xsd">

  <leader>00447nam a2200157Ia 4500</leader>
  <datafield ind2=" " tag="999" ind1=" ">
    <subfield code="c">1319</subfield>
    <subfield code="d">1319</subfield>
  </datafield>
  <controlfield tag="008">170606b2000    ve ||||| |||| 00| | spa d</controlfield>
  <datafield ind1=" " tag="090" ind2=" ">
    <subfield code="a">05.01.01 </subfield>
    <subfield code="b">1584</subfield>
  </datafield>
  <datafield ind2=" " tag="100" ind1="1">
    <subfield code="a">García Delgado, Gladys</subfield>
    <subfield code="9">2909</subfield>
  </datafield>
  <datafield tag="245" ind2="0" ind1="1">
    <subfield code="a">Inolvidable Siglo XX / </subfield>
    <subfield code="c">Gladys García Delgado</subfield>
  </datafield>
  <datafield ind1=" " ind2=" " tag="260">
    <subfield code="a">Caracas, VE : </subfield>
    <subfield code="b">Red de Saberes, </subfield>
    <subfield code="b">2000</subfield>
  </datafield>
  <datafield ind1=" " ind2=" " tag="300">
    <subfield code="a">51 páginas</subfield>
  </datafield>
  <datafield tag="650" ind2="4" ind1="1">
    <subfield code="a">HISTORIA</subfield>
    <subfield code="9">22</subfield>
  </datafield>
  <datafield tag="650" ind2="4" ind1="1">
    <subfield code="a">LITERATURA </subfield>
    <subfield code="9">655</subfield>
  </datafield>
  <datafield tag="651" ind2="4" ind1=" ">
    <subfield code="9">2225</subfield>
    <subfield code="a">VENEZUELA</subfield>
  </datafield>
  <datafield ind1=" " tag="942" ind2=" ">
    <subfield code="2">z</subfield>
    <subfield code="c">01</subfield>
  </datafield>
</record>